@book{TanenbaumBos14,
  abstract = {This book is intended for introductory courses in Operating Systems in Computer Science, Computer Engineering, and Electrical Engineering programs. It also serves as a useful reference for OS professionals. The widely anticipated revision of this worldwide best-seller incorporates the latest developments in operating systems (OS) technologies. The Fourth Edition includes up-to-date materials on relevant OS. Tanenbaum also provides information on current research based on his experience as an operating systems researcher.},
  added-at = {2017-12-16T18:33:22.000+0100},
  address = {Boston, MA},
  author = {Tanenbaum, Andrew S. and Bos, Herbert},
  biburl = {https://www.bibsonomy.org/bibtex/2d5b1b6ac66b59a478aa4a40f45a06a2c/flint63},
  edition = 4,
  file = {eBook:2014/TanenbaumBos14.pdf:PDF;Pearson Product page:http\://www.mypearsonstore.com/bookstore/modern-operating-systems-013359162X:URL;Amazon Search inside:http\://www.amazon.de/gp/reader/013359162X/:URL},
  groups = {public},
  interhash = {31d1388b778f4318e0a874752a85e98a},
  intrahash = {d5b1b6ac66b59a478aa4a40f45a06a2c},
  isbn = {978-0-13-359162-0},
  keywords = {01821 103 book computer os embedded linux microsoft multimedia},
  publisher = {Pearson},
  timestamp = {2018-04-16T11:54:16.000+0200},
  title = {Modern Operating Systems},
  username = {flint63},
  year = 2014
}

@misc{8085,
    title={Flag register in 8085 microprocessor},
    author={Yash R},
    publisher={Geeks for Geeks},
    month={June},
    year={2022},
    howpublished = {\url{https://www.geeksforgeeks.org/flag-register-8085-microprocessor/}}
}

@misc{8086,
    title={Flag register of 8086 microprocessor},
    author={Yash R},
    publisher={Geeks for Geeks},
    month={May},
    year={2018},
    howpublished = {\url{https://www.geeksforgeeks.org/flag-register-8086-microprocessor//}}
}

@misc{80286,
    title={All about the Flags Register},
    author={Gary Burt},
    publisher={University of Maryland, Baltimore County},
    month={August},
    year={2001},
    howpublished = {\url{https://redirect.cs.umbc.edu/courses/undergraduate/CMSC211/fall01/burt/tech_help/flags.html}},
}

@misc{cs4410,
    title={The 12 Commandments of Synchronization},
    author={Emin Gun Sirer},
    publisher={Cornell University},
    month={October},
    year={2011},
    howpublished = {\url{https://www.cs.cornell.edu/courses/cs4410/2012fa/papers/commandments.pdf}},
}